<collection xmlns="http://www.loc.gov/MARC21/slim">
<record>
  <leader>01480nam0a22003011i 450 </leader>
  <controlfield tag="001">IT\ICCU\CNCE\055598</controlfield>
  <controlfield tag="005">20040210000000.0</controlfield>
  <datafield tag="012" ind1=" " ind2=" ">
    <subfield code="a">dola a.la rale meim (C) 1549 (R)</subfield>
    <subfield code="2">fei</subfield>
  </datafield>
  <datafield tag="100" ind1=" " ind2=" ">
    <subfield code="a">20040210d1549        0itac0103    ba</subfield>
  </datafield>
  <datafield tag="101" ind1=" " ind2=" ">
    <subfield code="a">ITA</subfield>
  </datafield>
  <datafield tag="102" ind1=" " ind2=" ">
    <subfield code="a">IT</subfield>
  </datafield>
  <datafield tag="200" ind1="1" ind2=" ">
    <subfield code="a">Admonitione catholica, a tutti i fideli christiani di Vincentio Lirinense, fatta per quelli che al tempo delli heretici si trouano</subfield>
  </datafield>
  <datafield tag="210" ind1=" " ind2=" ">
    <subfield code="a">Stampata in Lucca</subfield>
    <subfield code="c">per Vincentio Busdrago</subfield>
    <subfield code="d">1549</subfield>
  </datafield>
  <datafield tag="215" ind1=" " ind2=" ">
    <subfield code="a">\24! c</subfield>
  </datafield>
  <datafield tag="620" ind1=" " ind2=" ">
    <subfield code="a">IT</subfield>
    <subfield code="d">Lucca</subfield>
  </datafield>
  <datafield tag="700" ind1=" " ind2="0">
    <subfield code="a">Vincentius</subfield>
    <subfield code="c"> : Lerinensis</subfield>
    <subfield code="c"> &lt;santo&gt;</subfield>
    <subfield code="3">IT\ICCU\CNCA\009606</subfield>
  </datafield>
  <datafield tag="712" ind1="0" ind2="0">
    <subfield code="a">Busdraghi, Vincenzo</subfield>
    <subfield code="3">IT\ICCU\CNCT\000371</subfield>
    <subfield code="4">650</subfield>
  </datafield>
  <datafield tag="790" ind1=" " ind2="0">
    <subfield code="a">Vincentius</subfield>
    <subfield code="c"> : Lirinensis</subfield>
    <subfield code="c"> &lt;santo&gt;</subfield>
    <subfield code="3">IT\ICCU\CNCA\009848</subfield>
    <subfield code="z">Vincentius : Lerinensis &lt;santo&gt;</subfield>
  </datafield>
  <datafield tag="790" ind1=" " ind2="0">
    <subfield code="a">Vincenzo</subfield>
    <subfield code="c"> : di#Lřins</subfield>
    <subfield code="c"> &lt;santo&gt;</subfield>
    <subfield code="3">IT\ICCU\CNCA\017223</subfield>
    <subfield code="z">Vincentius : Lerinensis &lt;santo&gt;</subfield>
  </datafield>
  <datafield tag="791" ind1="0" ind2="0">
    <subfield code="a">Busdragus, Vincentius</subfield>
    <subfield code="3">IT\ICCU\CNCT\004793</subfield>
    <subfield code="z">Busdraghi, Vincenzo</subfield>
  </datafield>
  <datafield tag="791" ind1="0" ind2="0">
    <subfield code="a">Busdrago, Vincenzo</subfield>
    <subfield code="3">IT\ICCU\CNCT\004794</subfield>
    <subfield code="z">Busdraghi, Vincenzo</subfield>
  </datafield>
  <datafield tag="791" ind1="0" ind2="0">
    <subfield code="a">Busdragho, Vincenzo</subfield>
    <subfield code="3">IT\ICCU\CNCT\004795</subfield>
    <subfield code="z">Busdraghi, Vincenzo</subfield>
  </datafield>
  <datafield tag="791" ind1="0" ind2="0">
    <subfield code="a">Busdracus, Vincentius</subfield>
    <subfield code="3">IT\ICCU\CNCT\004796</subfield>
    <subfield code="z">Busdraghi, Vincenzo</subfield>
  </datafield>
  <datafield tag="791" ind1="0" ind2="0">
    <subfield code="a">Busdrachius, Vincentius</subfield>
    <subfield code="3">IT\ICCU\CNCT\004797</subfield>
    <subfield code="z">Busdraghi, Vincenzo</subfield>
  </datafield>
  <datafield tag="801" ind1=" " ind2="3">
    <subfield code="a">IT</subfield>
    <subfield code="b">ICCU</subfield>
    <subfield code="c">20201115</subfield>
  </datafield>
  <datafield tag="899" ind1=" " ind2=" ">
    <subfield code="a">Biblioteca statale. Lucca</subfield>
    <subfield code="z">MUTILO</subfield>
    <subfield code="1">LU0022</subfield>
    <subfield code="2">LUA BL</subfield>
  </datafield>
  <datafield tag="899" ind1=" " ind2=" ">
    <subfield code="a">Biblioteca comunale Augusta. Perugia</subfield>
    <subfield code="1">PG0109</subfield>
    <subfield code="2">UM1 01</subfield>
  </datafield>
  <datafield tag="899" ind1=" " ind2=" ">
    <subfield code="a">Biblioteca universitaria Alessandrina. Roma</subfield>
    <subfield code="1">RM0280</subfield>
    <subfield code="2">RML 01</subfield>
  </datafield>
</record>
</collection>
